<?xml version="1.0" encoding="UTF-8"?><collection xmlns="http://www.loc.gov/MARC21/slim"><record><leader>00333nam--2200121-i-4500</leader><controlfield tag="001">000018885</controlfield><controlfield tag="002">20161230</controlfield><controlfield tag="005">20161230201032</controlfield><controlfield tag="008">060222s1000------------r-----000-0-eng-d</controlfield><datafield ind1=" " ind2=" " tag="245"><subfield code="a">Handbook of applied instrumentation</subfield></datafield><datafield ind1=" " ind2=" " tag="260"><subfield code="a">New York, Mcgraw-hill Co., 1964. Xvii + 61 P</subfield></datafield><datafield ind1=" " ind2=" " tag="700"><subfield code="a">Considine, Douglas M., Ross, S.D</subfield></datafield><datafield ind1=" " ind2=" " tag="852"><subfield code="a">24366</subfield></datafield></record></collection>